@MISC{img:bfh,
  url = {http://www.bfh.ch},
  urldate = {2013-09-27},
  author = {BFHler},
  title = {BFH Logo},
  year = {2012},
  keywords = {pic},
}


@ONLINE{lit:online,
  url = {www.test.com},
  title = {Test},
  publisher = {Tester},
  urldate = {2013-10-21},
  author = {Max Test},
  year = {2012},
  keywords = {lit},
}


@BOOK{lit:bsp,
  title = {Beispiel},
  publisher = {Die Beispieler},
  year = {2002},
  author = {Beispiel Max},
  edition = {2},
  month = {09},
  keywords = {lit},
}




@ONLINE{lit:unittestlist,
  url = {http://de.wikipedia.org/wiki/Liste_von_Modultest-Software},
  title = {Liste von Modultest-Software},
  publisher = {Wikipedia},
  urldate = {2014-06-10},
  author = {Wikipedia},
  year = {2014},
  keywords = {lit},
}


@ONLINE{lit:junit,
  url = {http://junit.org},
  title = {Homepage von JUnit},
  publisher = {GitHub},
  urldate = {2014-06-27},
  author = {Stefan Birkner},
  year = {2014},
  keywords = {lit},
}


@ONLINE{lit:wiki,
  url = {https://github.com/junit-team/junit/wiki},
  title = {JUnit Wiki},
  publisher = {GitHub},
  urldate = {2014-06-27},
  author = {Stefan Birkner},
  year = {2014},
  keywords = {lit},
}


@ONLINE{lit:tutorial2,
  url = {http://www.vogella.com/tutorials/JUnit/article.html},
  title = {Unit Testing with JUnit - Tutorial},
  publisher = {Vogella.com},
  urldate = {2014-06-27},
  author = {Lars Vogel},
  year = {2014},
  keywords = {lit},
}

@ONLINE{lit:tutorial1,
  url = {http://www.tutego.de/blog/javainsel/2010/04/junit-4-tutorial-java-tests-mit-junit/},
  title = {JUnit 4 Tutorial, Java-Tests mit JUnit},
  publisher = {Tutego.de},
  urldate = {2014-06-27},
  author = {Christian Ullenboom},
  year = {2014},
  keywords = {lit},
}